@ARTICLE{calibration,
  author={Zhang, Z.},
  journal={IEEE Transactions on Pattern Analysis and Machine Intelligence}, 
  title={A flexible new technique for camera calibration}, 
  year={2000},
  volume={22},
  number={11},
  pages={1330-1334},
  doi={10.1109/34.888718}}
  
@ARTICLE{Geiger2013IJRR,
  author = {Andreas Geiger and Philip Lenz and Christoph Stiller and Raquel Urtasun},
  title = {Vision meets Robotics: The KITTI Dataset},
  journal = {International Journal of Robotics Research (IJRR)},
  year = {2013}
}

@inproceedings{chitransformer,
  title={ChiTransformer: Towards Reliable Stereo from Cues},
  author={Su, Qing and Ji, Shihao},
  booktitle={Proceedings of the IEEE/CVF Conference on Computer Vision and Pattern Recognition},
  pages={1939--1949},
  year={2022}
}
